@inproceedings{Motara2020AParadigm,
    title = {{A structural modeling notation for the typed functional paradigm}},
    year = {2020},
    booktitle = {Proceedings of the ACM Symposium on Applied Computing},
    author = {Motara, Yusuf Moosa},
    month = {3},
    pages = {1515--1522},
    publisher = {Association for Computing Machinery},
    url = {https://dl.acm.org/doi/10.1145/3341105.3373863},
    address = {New York, NY, USA},
    isbn = {9781450368667},
    doi = {10.1145/3341105.3373863},
    keywords = {Fml, Functional programming, Modeling languages, Notation}
}

@article{SpulerCompilerEffects,
    title = {{Compiler Detection of Function Call Side Effects}},
    author = {Spuler, D A and Sajeev, A S M},
    pages = {13},
    language = {en}
}

@article{Hudak1989ConceptionLanguages,
    title = {{Conception, evolution, and application of functional programming languages}},
    year = {1989},
    journal = {ACM Computing Surveys (CSUR)},
    author = {Hudak, Paul},
    number = {3},
    pages = {359--411},
    volume = {21},
    url = {http://dl.acm.org/doi/10.1145/72551.72554},
    doi = {10.1145/72551.72554},
    issn = {0360-0300, 1557-7341},
    language = {en}
}

@book{Chiusano2013FunctionalScala,
    title = {{Functional Programming in Scala}},
    year = {2013},
    booktitle = {Manning Publications},
    author = {Chiusano, Paul and Bjarnason, Runar},
    pages = {304},
    isbn = {9781617290657}
}

@article{Strachey2000FundamentalLanguages,
    title = {{Fundamental concepts in programming languages}},
    year = {2000},
    journal = {Higher-Order and Symbolic Computation},
    author = {Strachey, Christopher},
    number = {1},
    pages = {11--49},
    volume = {13},
    publisher = {Kluwer Academic Publishers},
    doi = {10.1023/A:1010000313106},
    issn = {13883690},
    keywords = {Computational Intelligence, Computational Mathematics and Numerical Analysis, Mathematical Logic and Formal Languages, Symbolic and Algebraic Manipulation}
}

@article{JonesImperativeProgramming,
    title = {{Imperative functional programming}},
    author = {Jones, Simon L Peyton and Wadler, Philip},
    pages = {15},
    language = {en}
}

@article{Sndergaard1990ReferentialUnfoldability,
    title = {{Referential transparency, definiteness and unfoldability}},
    year = {1990},
    journal = {Acta Informatica},
    author = {S{\o}ndergaard, Harald and Sestoft, Peter},
    number = {6},
    month = {5},
    pages = {505--517},
    volume = {27},
    publisher = {Springer-Verlag},
    doi = {10.1007/BF00277387},
    issn = {00015903},
    keywords = {Computer Systems Organization and Communication Networks, Data Structures and Information Theory, Information Systems and Communication Service, Logics and Meanings of Programs, Software Engineering/Programming and Operating Systems, Theory of Computation}
}

@article{NicholsonTheMathematics,
    title = {{The Concise Oxford Dictionary of Mathematics}},
    author = {Nicholson, James and Clapham, Christopher},
    pages = {876},
    language = {en}
}

@article{Odersky2014UnifyingScala,
    title = {{Unifying functional and object-oriented programming with scala}},
    year = {2014},
    journal = {Communications of the ACM},
    author = {Odersky, Martin and Rompf, Tiark},
    number = {4},
    pages = {76--86},
    volume = {57},
    publisher = {Association for Computing Machinery},
    doi = {10.1145/2591013},
    issn = {15577317}
}

@article{Kerber2020UsingSoftware,
    title = {{Using formal verification to develop higher assurance, more maintainable financial software}},
    year = {2020},
    journal = {Journal of Risk Management in Financial Institutions},
    author = {Kerber, Manfred and Rowat, Colin and Vosloo, Neels},
    number = {1},
    month = {12},
    pages = {35--46},
    volume = {13},
    publisher = {Henry Stewart Publications},
    issn = {17528895},
    keywords = {Financial software, Formal verification, Functional programming, Model risk, Provable security, SR 11-7}
}

@misc{UsingAttributes,
    title = {{Using the GNU Compiler Collection (GCC): Common Function Attributes}},
    url = {https://gcc.gnu.org/onlinedocs/gcc-8.1.0/gcc/Common-Function-Attributes.html#Common-Function-Attributes}
}

@article{Hughes1989WhyMatters,
    title = {{Why Functional Programming Matters}},
    year = {1989},
    journal = {The Computer Journal},
    author = {Hughes, J},
    number = {2},
    pages = {98--107},
    volume = {32},
    url = {https://academic.oup.com/comjnl/article-lookup/doi/10.1093/comjnl/32.2.98},
    doi = {10.1093/comjnl/32.2.98},
    issn = {0010-4620, 1460-2067},
    language = {en}
}